<?xml version="1.0" encoding="UTF-8"?><collection xmlns="http://www.loc.gov/MARC21/slim"><record><leader>00567nam--2200193-u-4500</leader><controlfield tag="001">000052791</controlfield><controlfield tag="002">20161230</controlfield><controlfield tag="005">20161230201050</controlfield><controlfield tag="008">101019s1000------------r-----000-0-eng-d</controlfield><datafield ind1=" " ind2=" " tag="040"><subfield code="a">IFIN-HH</subfield></datafield><datafield ind1=" " ind2=" " tag="080"><subfield code="a">531-1</subfield></datafield><datafield ind1="1" ind2=" " tag="100"><subfield code="a">Smith, R. A</subfield></datafield><datafield ind1="1" ind2="0" tag="245"><subfield code="a">The Detection and Measurement of Infra-Red Radiation</subfield><subfield code="c">R.A. Smith, F.E. Jones, R.P. Chasmar</subfield></datafield><datafield ind1=" " ind2=" " tag="260"><subfield code="a">Oxford</subfield><subfield code="b">At the Calderon Press</subfield><subfield code="c">1958</subfield></datafield><datafield ind1=" " ind2=" " tag="300"><subfield code="a">458 p</subfield></datafield><datafield ind1=" " ind2=" " tag="490"><subfield code="a">Monographs on the Physics and Chemistry of Materials</subfield></datafield><datafield ind1="1" ind2=" " tag="700"><subfield code="a">Chasmar, R.P</subfield></datafield><datafield ind1=" " ind2=" " tag="852"><subfield code="a">12343</subfield><subfield code="c">535</subfield></datafield><datafield ind1=" " ind2=" " tag="CAT"><subfield code="a">Sys</subfield><subfield code="c">20101019</subfield><subfield code="h">085421</subfield></datafield></record></collection>